%YAML 1.1
%TAG !u! tag:unity3d.com,2011:
--- !u!241 &24100000
AudioMixerController:
  m_ObjectHideFlags: 0
  m_CorrespondingSourceObject: {fileID: 0}
  m_PrefabInstance: {fileID: 0}
  m_PrefabAsset: {fileID: 0}
  m_Name: FadeMixer
  m_OutputGroup: {fileID: 0}
  m_MasterGroup: {fileID: 24300002}
  m_Snapshots:
  - {fileID: 24500006}
  m_StartSnapshot: {fileID: 24500006}
  m_SuspendThreshold: -80
  m_EnableSuspend: 1
  m_UpdateMode: 0
  m_ExposedParameters:
  - guid: 6515d4e45f2f99642835cfeb89fef462
    name: BackgroundMusic_Volume
  - guid: 342e89879750d334c94b71bcb52ee73d
    name: SFX_Volume
  m_AudioMixerGroupViews:
  - guids:
    - 5eb827a18e403a448aa957da1d4ee91f
    - 0580958464cd7ef48aa5fd703d07921a
    - 209c5615b5fb244449352353b5c405ca
    - a2bdb0edb09f75243ac6f9e0c7f5f081
    - 9bf43b6c5812f4c40b9f0771d8aa7a3d
    - 02b8526c8fe7dff4ab27b3658efca258
    - 2b3f6ae9640c59f4b86f43c80487c15c
    name: View
  m_CurrentViewIndex: 0
  m_TargetSnapshot: {fileID: 24500006}
--- !u!243 &24300002
AudioMixerGroupController:
  m_ObjectHideFlags: 0
  m_CorrespondingSourceObject: {fileID: 0}
  m_PrefabInstance: {fileID: 0}
  m_PrefabAsset: {fileID: 0}
  m_Name: Master
  m_AudioMixer: {fileID: 24100000}
  m_GroupID: 5eb827a18e403a448aa957da1d4ee91f
  m_Children:
  - {fileID: 243287720546609686}
  - {fileID: 243492948505564880}
  - {fileID: 243958015366699362}
  m_Volume: 141a62501caf3d74c9998f5263813acb
  m_Pitch: 7457196bdeadbab498515aa28241df78
  m_Effects:
  - {fileID: 24400004}
  m_UserColorIndex: 0
  m_Mute: 0
  m_Solo: 0
  m_BypassEffects: 0
--- !u!244 &24400004
AudioMixerEffectController:
  m_ObjectHideFlags: 3
  m_CorrespondingSourceObject: {fileID: 0}
  m_PrefabInstance: {fileID: 0}
  m_PrefabAsset: {fileID: 0}
  m_Name: 
  m_EffectID: f81b3c3617e92234e8174bae49bb49af
  m_EffectName: Attenuation
  m_MixLevel: 06e89dd230d77fd4f9cc0245fc26bfdc
  m_Parameters: []
  m_SendTarget: {fileID: 0}
  m_EnableWetMix: 0
  m_Bypass: 0
--- !u!245 &24500006
AudioMixerSnapshotController:
  m_ObjectHideFlags: 0
  m_CorrespondingSourceObject: {fileID: 0}
  m_PrefabInstance: {fileID: 0}
  m_PrefabAsset: {fileID: 0}
  m_Name: Snapshot
  m_AudioMixer: {fileID: 24100000}
  m_SnapshotID: ec6ad018b3412424196ef027712e4fc6
  m_FloatValues: {}
  m_TransitionOverrides: {}
--- !u!243 &243287720546609686
AudioMixerGroupController:
  m_ObjectHideFlags: 0
  m_CorrespondingSourceObject: {fileID: 0}
  m_PrefabInstance: {fileID: 0}
  m_PrefabAsset: {fileID: 0}
  m_Name: BackgroundMusic
  m_AudioMixer: {fileID: 24100000}
  m_GroupID: 0580958464cd7ef48aa5fd703d07921a
  m_Children: []
  m_Volume: 6515d4e45f2f99642835cfeb89fef462
  m_Pitch: 5f0837d6c827aa740a89361cdf61ec57
  m_Effects:
  - {fileID: 244562165846490472}
  m_UserColorIndex: 0
  m_Mute: 0
  m_Solo: 0
  m_BypassEffects: 0
--- !u!243 &243312534980536264
AudioMixerGroupController:
  m_ObjectHideFlags: 0
  m_CorrespondingSourceObject: {fileID: 0}
  m_PrefabInstance: {fileID: 0}
  m_PrefabAsset: {fileID: 0}
  m_Name: Characters
  m_AudioMixer: {fileID: 24100000}
  m_GroupID: 02b8526c8fe7dff4ab27b3658efca258
  m_Children: []
  m_Volume: 31429f5c3be89944799ead279d2ee2a8
  m_Pitch: 56a0bd3874df746448ea0e5f7326b8cd
  m_Effects:
  - {fileID: 244246276191561352}
  m_UserColorIndex: 0
  m_Mute: 0
  m_Solo: 0
  m_BypassEffects: 0
--- !u!243 &243434655821282336
AudioMixerGroupController:
  m_ObjectHideFlags: 0
  m_CorrespondingSourceObject: {fileID: 0}
  m_PrefabInstance: {fileID: 0}
  m_PrefabAsset: {fileID: 0}
  m_Name: Ambience
  m_AudioMixer: {fileID: 24100000}
  m_GroupID: a2bdb0edb09f75243ac6f9e0c7f5f081
  m_Children: []
  m_Volume: e79b68b88cb62f74395b97aadfb658dd
  m_Pitch: 594b1689ac50e2140bd07fa4273139c4
  m_Effects:
  - {fileID: 244134615540870834}
  m_UserColorIndex: 0
  m_Mute: 0
  m_Solo: 0
  m_BypassEffects: 0
--- !u!243 &243492948505564880
AudioMixerGroupController:
  m_ObjectHideFlags: 0
  m_CorrespondingSourceObject: {fileID: 0}
  m_PrefabInstance: {fileID: 0}
  m_PrefabAsset: {fileID: 0}
  m_Name: SFX
  m_AudioMixer: {fileID: 24100000}
  m_GroupID: 209c5615b5fb244449352353b5c405ca
  m_Children:
  - {fileID: 243434655821282336}
  - {fileID: 243853949087325766}
  - {fileID: 243312534980536264}
  m_Volume: 342e89879750d334c94b71bcb52ee73d
  m_Pitch: 53189f44b3063d24a813f2c83f62c287
  m_Effects:
  - {fileID: 244285061122492104}
  m_UserColorIndex: 0
  m_Mute: 0
  m_Solo: 0
  m_BypassEffects: 0
--- !u!243 &243853949087325766
AudioMixerGroupController:
  m_ObjectHideFlags: 0
  m_CorrespondingSourceObject: {fileID: 0}
  m_PrefabInstance: {fileID: 0}
  m_PrefabAsset: {fileID: 0}
  m_Name: InGame
  m_AudioMixer: {fileID: 24100000}
  m_GroupID: 9bf43b6c5812f4c40b9f0771d8aa7a3d
  m_Children: []
  m_Volume: 9df893f8b26d92f4d8fb0ddfaa99e770
  m_Pitch: d3d7dab9b1d691145ab161289b586b11
  m_Effects:
  - {fileID: 244792468087108344}
  m_UserColorIndex: 0
  m_Mute: 0
  m_Solo: 0
  m_BypassEffects: 0
--- !u!243 &243958015366699362
AudioMixerGroupController:
  m_ObjectHideFlags: 0
  m_CorrespondingSourceObject: {fileID: 0}
  m_PrefabInstance: {fileID: 0}
  m_PrefabAsset: {fileID: 0}
  m_Name: UI
  m_AudioMixer: {fileID: 24100000}
  m_GroupID: 2b3f6ae9640c59f4b86f43c80487c15c
  m_Children: []
  m_Volume: d191decbcacf18540b72210173db4d37
  m_Pitch: 3a767c893105fdc4b9efec9beb3b78e1
  m_Effects:
  - {fileID: 244311695976104380}
  m_UserColorIndex: 0
  m_Mute: 0
  m_Solo: 0
  m_BypassEffects: 0
--- !u!244 &244134615540870834
AudioMixerEffectController:
  m_ObjectHideFlags: 3
  m_CorrespondingSourceObject: {fileID: 0}
  m_PrefabInstance: {fileID: 0}
  m_PrefabAsset: {fileID: 0}
  m_Name: 
  m_EffectID: 8946e9ee5e14cef4bb32273ed16ab1ae
  m_EffectName: Attenuation
  m_MixLevel: f894e00a48afd5841a625480a32ea9fc
  m_Parameters: []
  m_SendTarget: {fileID: 0}
  m_EnableWetMix: 0
  m_Bypass: 0
--- !u!244 &244246276191561352
AudioMixerEffectController:
  m_ObjectHideFlags: 3
  m_CorrespondingSourceObject: {fileID: 0}
  m_PrefabInstance: {fileID: 0}
  m_PrefabAsset: {fileID: 0}
  m_Name: 
  m_EffectID: 36f29e7ef7c4ee5438fb33bb0e5cf37f
  m_EffectName: Attenuation
  m_MixLevel: d4a88c65a0e3e79489ea1376e1636162
  m_Parameters: []
  m_SendTarget: {fileID: 0}
  m_EnableWetMix: 0
  m_Bypass: 0
--- !u!244 &244285061122492104
AudioMixerEffectController:
  m_ObjectHideFlags: 3
  m_CorrespondingSourceObject: {fileID: 0}
  m_PrefabInstance: {fileID: 0}
  m_PrefabAsset: {fileID: 0}
  m_Name: 
  m_EffectID: 576f4a689f40c014a8fd23dd58b91d6c
  m_EffectName: Attenuation
  m_MixLevel: 7159ada28b4ef31469a5355acffc2748
  m_Parameters: []
  m_SendTarget: {fileID: 0}
  m_EnableWetMix: 0
  m_Bypass: 0
--- !u!244 &244311695976104380
AudioMixerEffectController:
  m_ObjectHideFlags: 3
  m_CorrespondingSourceObject: {fileID: 0}
  m_PrefabInstance: {fileID: 0}
  m_PrefabAsset: {fileID: 0}
  m_Name: 
  m_EffectID: 84053cc716d10a040b3ff7b184ffa445
  m_EffectName: Attenuation
  m_MixLevel: 6218515d32365fa4bac5ce9ca656a643
  m_Parameters: []
  m_SendTarget: {fileID: 0}
  m_EnableWetMix: 0
  m_Bypass: 0
--- !u!244 &244562165846490472
AudioMixerEffectController:
  m_ObjectHideFlags: 3
  m_CorrespondingSourceObject: {fileID: 0}
  m_PrefabInstance: {fileID: 0}
  m_PrefabAsset: {fileID: 0}
  m_Name: 
  m_EffectID: 6480d704330ddad4896ffea88298953a
  m_EffectName: Attenuation
  m_MixLevel: 1bafb19fb194f5542af9a9dbae49be4a
  m_Parameters: []
  m_SendTarget: {fileID: 0}
  m_EnableWetMix: 0
  m_Bypass: 0
--- !u!244 &244792468087108344
AudioMixerEffectController:
  m_ObjectHideFlags: 3
  m_CorrespondingSourceObject: {fileID: 0}
  m_PrefabInstance: {fileID: 0}
  m_PrefabAsset: {fileID: 0}
  m_Name: 
  m_EffectID: 11f664dacb40d464dbb2d620b0c17b7c
  m_EffectName: Attenuation
  m_MixLevel: e6daa2abb03baca4986fde33b9fac061
  m_Parameters: []
  m_SendTarget: {fileID: 0}
  m_EnableWetMix: 0
  m_Bypass: 0
